<record><leader>00000cas a22000007a 4500</leader><controlfield tag="001">10871467</controlfield><controlfield tag="008">840621d1870187unyuwr ne      0    0eng d</controlfield><datafield ind1=" " ind2=" " tag="010"><subfield code="a">sn 84031328 </subfield></datafield><datafield ind1=" " ind2=" " tag="040"><subfield code="a">NYG</subfield><subfield code="b">eng</subfield><subfield code="c">NYG</subfield><subfield code="d">NPX</subfield><subfield code="d">NYS</subfield><subfield code="d">OCLCQ</subfield><subfield code="d">YGM</subfield><subfield code="d">OCLCQ</subfield><subfield code="d">OCLCO</subfield></datafield><datafield ind1=" " ind2=" " tag="042"><subfield code="a">msc</subfield></datafield><datafield ind1=" " ind2=" " tag="043"><subfield code="a">n-us-ny</subfield><subfield code="a">n-us-pa</subfield></datafield><datafield ind1="0" ind2="0" tag="245"><subfield code="a">Allegany reporter.</subfield></datafield><datafield ind1=" " ind2=" " tag="260"><subfield code="a">Angelica [N.Y.] ;</subfield><subfield code="a">Belmont [N.Y.] :</subfield><subfield code="b">C.F. &amp; G.W. Dickinson,</subfield><subfield code="c">1870-</subfield></datafield><datafield ind1=" " ind2=" " tag="300"><subfield code="a">v.</subfield></datafield><datafield ind1=" " ind2=" " tag="310"><subfield code="a">Weekly</subfield></datafield><datafield ind1="1" ind2=" " tag="362"><subfield code="a">Began in Oct. 1870?</subfield></datafield><datafield ind1=" " ind2=" " tag="500"><subfield code="a">Editors: C.F. Dickinson, &lt;1870&gt;; G.W. Dickinson, &lt;1870&gt;.</subfield></datafield><datafield ind1=" " ind2=" " tag="588"><subfield code="a">Description based on: Vol. 34, no. 14 (Oct. 5, 1870).</subfield></datafield><datafield ind1=" " ind2="0" tag="651"><subfield code="a">Angelica (N.Y.)</subfield><subfield code="v">Newspapers.</subfield></datafield><datafield ind1=" " ind2="0" tag="651"><subfield code="a">Belmont (N.Y.)</subfield><subfield code="v">Newspapers.</subfield></datafield><datafield ind1=" " ind2="0" tag="650"><subfield code="a">American newspapers.</subfield></datafield><datafield ind1=" " ind2="0" tag="651"><subfield code="a">Genesee River Valley (Pa. and N.Y.)</subfield><subfield code="x">History</subfield><subfield code="v">Sources.</subfield></datafield><datafield ind1=" " ind2=" " tag="752"><subfield code="a">United States</subfield><subfield code="b">New York</subfield><subfield code="c">Allegany</subfield><subfield code="d">Angelica.</subfield></datafield><datafield ind1=" " ind2=" " tag="752"><subfield code="a">United States</subfield><subfield code="b">New York</subfield><subfield code="c">Allegany</subfield><subfield code="d">Belmont.</subfield></datafield><datafield ind1="0" ind2="0" tag="780"><subfield code="t">Angelica reporter (Angelica, N.Y. : 1862)</subfield></datafield><datafield ind1="0" ind2="0" tag="785"><subfield code="t">Allegany County reporter</subfield><subfield code="w">(DLC)sn 83030924</subfield></datafield></record>